@book{Siau04,
  editor    = {Keng Siau},
  title     = {Advanced Topics in Database Research, Vol. 3},
  year      = {2004},
  publisher = {Idea Group},
  isbn      = {1-59140-296-4},
  timestamp = {Thu, 25 Sep 2014 21:37:18 +0200},
  biburl    = {http://dblp.uni-trier.de/rec/bib/books/idea/Siau04},
  bibsource = {dblp computer science bibliography, http://dblp.org}
}

@phdthesis{Wichterich2010,
  author    = {Marc Wichterich},
  title     = {Adaptable transformation-based similarity search in multimedia databases},
  year      = {2010},
  school    = {{RWTH} Aachen University},
  url       = {http://darwin.bth.rwth-aachen.de/opus3/volltexte/2010/3403/},
  timestamp = {Thu, 25 Sep 2014 21:37:43 +0200},
  biburl    = {http://dblp.uni-trier.de/rec/bib/phd/de/Wichterich2010},
  bibsource = {dblp computer science bibliography, http://dblp.org}
}


